<?xml version="1.0" encoding="utf-8"?>
<record xmlns="http://www.loc.gov/MARC21/slim" xmlns:xsi="http://www.w3.org/2001/XMLSchema-instance" xsi:schemaLocation="http://www.loc.gov/MARC21/slim http://www.loc.gov/standards/marcxml/schema/MARC21slim.xsd">
	<leader>     nam a22        4500</leader>
	<controlfield tag="001">3754796</controlfield>
	<controlfield tag="003">NIC</controlfield>
	<controlfield tag="006">m        d        </controlfield>
	<controlfield tag="007">cr cn |||m|||a</controlfield>
	<controlfield tag="008">160623m19709999iq abc  o     000 0 ara  </controlfield>
	<datafield ind1=" " ind2=" " tag="040">
		<subfield code="a">NNU</subfield>
		<subfield code="b">eng</subfield>
		<subfield code="e">rda</subfield>
		<subfield code="c">NNU</subfield>
	</datafield>
	<datafield ind1=" " ind2=" " tag="043">
		<subfield code="a">a-iq---</subfield>
	</datafield>
	<datafield ind1=" " ind2="4" tag="050">
		<subfield code="a">DS79.9.B2</subfield>
		<subfield code="b">B38</subfield>
	</datafield>
	<datafield ind1=" " ind2="4" tag="082">
		<subfield code="a">956.75</subfield>
	</datafield>
	<datafield ind1="1" ind2=" " tag="100">
		<subfield code="6">880-01</subfield>
		<subfield code="a">Bāzī, Ḥāmid.</subfield>
	</datafield>
	<datafield ind1="1" ind2="3" tag="245">
		<subfield code="6">880-02</subfield>
		<subfield code="a">al-Baṣrah fī al-fatrah al-muẓlimah /</subfield>
		<subfield code="c">bi-qalam Ḥāmid al-Bāzī.</subfield>
	</datafield>
	<datafield ind1="1" ind2="4" tag="246">
		<subfield code="a">Basrah during the Ottoman period</subfield>
	</datafield>
	<datafield ind1="1" ind2="4" tag="246">
		<subfield code="6">880-03</subfield>
		<subfield code="a">Basrah fī al-fatrah al-muẓlimah wa-mā-baʻdahā</subfield>
	</datafield>
	<datafield ind1=" " ind2=" " tag="260">
		<subfield code="6">880-04</subfield>
		<subfield code="a">Baghdād :</subfield>
		<subfield code="b">Dār Manshūrāt al-Baṣrī.,</subfield>
		<subfield code="c">[1970]-</subfield>
	</datafield>
	<datafield ind1=" " ind2=" " tag="300">
		<subfield code="a">online resource (volumes) :</subfield>
		<subfield code="b">illustrations, map, portraits</subfield>
	</datafield>
	<datafield ind1=" " ind2=" " tag="336">
		<subfield code="a">text</subfield>
		<subfield code="2">rdacontent</subfield>
	</datafield>
	<datafield ind1=" " ind2=" " tag="337">
		<subfield code="a">computer</subfield>
		<subfield code="2">rdamedia</subfield>
	</datafield>
	<datafield ind1=" " ind2=" " tag="338">
		<subfield code="a">online resource</subfield>
		<subfield code="2">rdacarrier</subfield>
	</datafield>
	<datafield ind1="1" ind2=" " tag="490">
		<subfield code="6">880-05</subfield>
		<subfield code="a">Min al-tārīkh wa-lil-tārīkh</subfield>
	</datafield>
	<datafield ind1=" " ind2=" " tag="500">
		<subfield code="a">Part of the Arabic Collections Online (ACO) project, contributed by Cornell University Libraries.</subfield>
	</datafield>
	<datafield ind1=" " ind2=" " tag="533">
		<subfield code="a">Electronic reproduction.</subfield>
		<subfield code="b">New York, N.Y. :</subfield>
		<subfield code="c">New York University,</subfield>
		<subfield code="d">2016.</subfield>
		<subfield code="5">NNU</subfield>
	</datafield>
	<datafield ind1=" " ind2="0" tag="651">
		<subfield code="a">Baṣrah (Iraq)</subfield>
		<subfield code="x">History.</subfield>
	</datafield>
	<datafield ind1=" " ind2="7" tag="651">
		<subfield code="a">Iraq</subfield>
		<subfield code="z">Baṣrah.</subfield>
		<subfield code="2">fast</subfield>
		<subfield code="0">(OCoLC)fst01210191</subfield>
	</datafield>
	<datafield ind1=" " ind2="7" tag="655">
		<subfield code="a">History.</subfield>
		<subfield code="2">fast</subfield>
		<subfield code="0">(OCoLC)fst01411628</subfield>
	</datafield>
	<datafield ind1="2" ind2=" " tag="710">
		<subfield code="a">Cornell University.</subfield>
		<subfield code="b">Libraries.</subfield>
	</datafield>
	<datafield ind1="0" ind2=" " tag="730">
		<subfield code="a">Arabic Collections Online.</subfield>
	</datafield>
	<datafield ind1="0" ind2="8" tag="776">
		<subfield code="i">Online version:</subfield>
		<subfield code="a">Bāzī, Ḥāmid.</subfield>
		<subfield code="t">Baṣrah fī al-fatrah al-muẓlimah.</subfield>
		<subfield code="d">Baghdād : Dār Manshūrāt al-Baṣrī. [1970-</subfield>
		<subfield code="w">(OCoLC)551784294</subfield>
	</datafield>
	<datafield ind1="0" ind2="8" tag="776">
		<subfield code="i">Print version:</subfield>
		<subfield code="a">Bāzī, Ḥāmid.</subfield>
		<subfield code="t">al-Baṣrah fī al-fatrah al-muẓlimah</subfield>
		<subfield code="w">(NIC)3754796</subfield>
		<subfield code="w">(DLC)   71261022 </subfield>
		<subfield code="w">(OCoLC)9007275</subfield>
	</datafield>
	<datafield ind1=" " ind2="0" tag="830">
		<subfield code="6">880-06</subfield>
		<subfield code="a">Min al-tārīkh wa-lil-tārīkh.</subfield>
	</datafield>
	<datafield ind1="4" ind2="0" tag="856">
		<subfield code="u">http://hdl.handle.net/2333.1/fj6q5bq2</subfield>
	</datafield>
	<datafield ind1="1" ind2=" " tag="880">
		<subfield code="6">100-01/r</subfield>
		<subfield code="a">بازي، حامد.</subfield>
	</datafield>
	<datafield ind1="1" ind2="2" tag="880">
		<subfield code="6">245-02/r</subfield>
		<subfield code="a">البصرة في الفترة المظلمة /</subfield>
		<subfield code="c">بقلم حامد البازي.</subfield>
	</datafield>
	<datafield ind1="1" ind2="4" tag="880">
		<subfield code="6">246-03/r</subfield>
		<subfield code="a">بصرة في الفترة المظلمة ومابعدها</subfield>
	</datafield>
	<datafield ind1=" " ind2=" " tag="880">
		<subfield code="6">260-04/r</subfield>
		<subfield code="a">بغداد :</subfield>
		<subfield code="b">دار منشورات البصري،</subfield>
		<subfield code="c">١٣٨٩-</subfield>
	</datafield>
	<datafield ind1="1" ind2=" " tag="880">
		<subfield code="6">490-05/r</subfield>
		<subfield code="a">من التاريخ وللتاريخ</subfield>
	</datafield>
	<datafield ind1=" " ind2="0" tag="880">
		<subfield code="6">830-06/r</subfield>
		<subfield code="a">من التاريخ وللتاريخ.</subfield>
	</datafield>
	<datafield ind1=" " ind2=" " tag="959">
		<subfield code="a">NNU</subfield>
		<subfield code="b">WEB</subfield>
		<subfield code="c">GENI</subfield>
		<subfield code="t">0</subfield>
		<subfield code="m">Electronic access</subfield>
		<subfield code="s">01</subfield>
	</datafield>
	<datafield ind1=" " ind2=" " tag="999">
		<subfield code="i">NIC_3754796</subfield>
		<subfield code="o">(OCoLC)ocm09007275</subfield>
		<subfield code="s">cornell_aco000616:v.1</subfield>
		<subfield code="e">(ERROR-880)(ERROR-SERIES)</subfield>
		<subfield code="s">cornell_aco000616:v.1</subfield>
	</datafield>
</record>
